<record><leader>00000cas a22000007a 4500</leader><controlfield tag="001">12843285</controlfield><controlfield tag="008">851125d18811889paudn ne      0    0eng d</controlfield><datafield ind1=" " ind2=" " tag="010"><subfield code="a">sn 87078383 </subfield></datafield><datafield ind1=" " ind2=" " tag="040"><subfield code="a">NPH</subfield><subfield code="b">eng</subfield><subfield code="c">NPH</subfield><subfield code="d">NPX</subfield><subfield code="d">NPH</subfield><subfield code="d">OCLCQ</subfield></datafield><datafield ind1=" " ind2=" " tag="042"><subfield code="a">msc</subfield></datafield><datafield ind1="0" ind2="0" tag="245"><subfield code="a">Daily evening sentinel.</subfield></datafield><datafield ind1=" " ind2=" " tag="260"><subfield code="a">Carlisle, Pa. :</subfield><subfield code="b">[s.n.]</subfield></datafield><datafield ind1=" " ind2=" " tag="300"><subfield code="a">8 v.</subfield></datafield><datafield ind1=" " ind2=" " tag="310"><subfield code="a">Daily (except Sun.)</subfield></datafield><datafield ind1="0" ind2=" " tag="362"><subfield code="a">Vol. 1, no. 1 (Dec. 13, 1881)-v. 8, no. 231 (Sept. 10, 1889).</subfield></datafield><datafield ind1=" " ind2=" " tag="500"><subfield code="a">Dec. 13, 1890 issue called "Illustrated Trade Edition."</subfield></datafield><datafield ind1=" " ind2=" " tag="580"><subfield code="a">Weekly ed.: Valley sentinel (Shippensburg, Pa.).</subfield></datafield><datafield ind1=" " ind2=" " tag="752"><subfield code="a">United States</subfield><subfield code="b">Pennsylvania</subfield><subfield code="c">Cumberland</subfield><subfield code="d">Carlisle.</subfield></datafield><datafield ind1="1" ind2=" " tag="775"><subfield code="t">Valley sentinel (Shippensburg, Pa.)</subfield><subfield code="w">(DLC)sn 84026350</subfield></datafield><datafield ind1="0" ind2="0" tag="785"><subfield code="t">Evening sentinel (Carlisle, Pa.)</subfield><subfield code="w">(DLC)sn 86081122</subfield></datafield></record>